% $Id: amd.bib,v 5.2 90/06/23 22:21:40 jsp Rel $
%
% Copyright (c) 1989 Jan-Simon Pendry
% Copyright (c) 1989 Imperial College of Science, Technology & Medicine
% Copyright (c) 1989 The Regents of the University of California.
% All rights reserved.
%
% This code is derived from software contributed to Berkeley by
% Jan-Simon Pendry at Imperial College, London.
%
% Redistribution and use in source and binary forms are permitted provided
% that: (1) source distributions retain this entire copyright notice and
% comment, and (2) distributions including binaries display the following
% acknowledgement:  ``This product includes software developed by the
% University of California, Berkeley and its contributors'' in the
% documentation or other materials provided with the distribution and in
% all advertising materials mentioning features or use of this software.
% Neither the name of the University nor the names of its contributors may
% be used to endorse or promote products derived from this software without
% specific prior written permission.
% THIS SOFTWARE IS PROVIDED ``AS IS'' AND WITHOUT ANY EXPRESS OR IMPLIED
% WARRANTIES, INCLUDING, WITHOUT LIMITATION, THE IMPLIED WARRANTIES OF
% MERCHANTABILITY AND FITNESS FOR A PARTICULAR PURPOSE.
%
%	@(#)amd.bib	5.1 (Berkeley) 7/19/90

@inproceedings{usenix:automounter
	,author =	"Brent Callaghan and Tom Lyon"
	,month =	"January"
	,year =		"1989"
	,title =	"{The Automounter}"
	,booktitle =    "Usenix Conference Proceedings, {\rm San Diego, California}"
	,organization = "Usenix Association"
	,pages =	"43-51"
}

@inproceedings{mit:hesiod
	,author =	"Stephen P. Dyer"
	,title =	"{The {\em Hesiod} Name Server}"
	,booktitle =	"Usenix Conference Proceedings, {\rm Dallas, Texas}"
	,year =		"1988"
	,month =	"February"
	,organization = "Usenix Association"
	,pages =	"183--189"
}

@techreport{mit:rvd
	,author =	"M. Greenwald and J. V. Sciver"
	,title =	"{Remote Virtual Disk Protocol Specification}"
	,year =		"1986"
	,institution =	"Massachusetts Institute of Technology"
	,address =	"Cambridge, Massachusetts"
}

@inbook{bsd:ufs
	,author =	"Samuel J. Leffler and others"
	,year =		"1989"
	,title =	"The Design and Implementation of the 4.3BSD UNIX Operating System"
	,chapter =	"7"
	,pages =	"187--223"
	,publisher =	"Addison-Wesley"
}

@techreport{rfc:icmp
	,author =	"J. Postel"
	,title =	"{Internet Control Message Protocol}"
	,year =		"1981"
	,month =	"September"
	,institution =	"SRI Network Information Center"
	,address =	"Menlo Park, California"
	,type =		"RFC"
	,number =	"792"
}

@techreport{rfc:ip
	,author =	"J. Postel"
	,title =	"{Internet Protocol}"
	,year =		"1981"
	,month =	"September"
	,institution =	"SRI Network Information Center"
	,address =	"Menlo Park, California"
	,type =		"RFC"
	,number =	"791"
}

@incollection{sun:yp
	,author =	"{Sun Microsystems}"
	,year =		"1988"
	,booktitle =	"System \& Network Administration"
	,title =	"{The Sun YP Service}"
	,month =	"May"
	,chapter =	"14"
	,pages =	"349--371"
	,edition =	"First"
	,publisher =	"Sun Microsystems, Inc"
	,address =	"Mountain View, California"
}

@incollection{sun:automount
	,author =	"{Sun Microsystems}"
	,year =		"1988"
	,booktitle =	"SunOS Reference Manual"
	,title =	"Automount"
	,month =	"May"
	,chapter =	"8"
	,pages =	"1583--1585"
	,edition =	"First"
	,publisher =	"Sun Microsystems, Inc"
	,address =	"Mountain View, California"
}

@incollection{sun:rpc
	,author =	"{Sun Microsystems}"
	,year =		"1988"
	,booktitle =	"Network Programming"
	,title =	"{Remote Procedure Calls: Protocol Specification}"
	,month =	"May"
	,chapter =	"6"
	,pages =	"143--163"
	,edition =	"First"
	,publisher =	"Sun Microsystems, Inc"
	,address =	"Mountain View, California"
}

@incollection{sun:nfs
	,author =	"{Sun Microsystems}"
	,year =		"1988"
	,booktitle =	"Network Programming"
	,title =	"{Network File System: Version 2 Protocol Specification}"
	,month =	"May"
	,chapter =	"7"
	,pages =	"165--185"
	,edition =	"First"
	,publisher =	"Sun Microsystems, Inc"
	,address =	"Mountain View, California"
}
